<record><leader>00000cas a22000007a 4500</leader><controlfield tag="001">15020923</controlfield><controlfield tag="008">861229d18901923wiuwr ne      0    0eng d</controlfield><datafield ind1=" " ind2=" " tag="010"><subfield code="a">sn 86086858 </subfield></datafield><datafield ind1=" " ind2=" " tag="040"><subfield code="a">NPV</subfield><subfield code="b">eng</subfield><subfield code="c">NPV</subfield><subfield code="d">OCLCQ</subfield></datafield><datafield ind1=" " ind2=" " tag="042"><subfield code="a">msc</subfield></datafield><datafield ind1="0" ind2="4" tag="245"><subfield code="a">The Mondovi herald.</subfield></datafield><datafield ind1=" " ind2=" " tag="260"><subfield code="a">Mondovi, Wis. :</subfield><subfield code="b">W.L. Houser,</subfield><subfield code="c">1890-1923.</subfield></datafield><datafield ind1=" " ind2=" " tag="300"><subfield code="a">v.</subfield></datafield><datafield ind1=" " ind2=" " tag="310"><subfield code="a">Weekly</subfield></datafield><datafield ind1="0" ind2=" " tag="362"><subfield code="a">Vol. 15, no. 24 (June 13, 1890)-v. 49, no. 27 (July 6, 1923).</subfield></datafield><datafield ind1=" " ind2=" " tag="500"><subfield code="a">Publisher varies.</subfield></datafield><datafield ind1=" " ind2=" " tag="752"><subfield code="a">United States</subfield><subfield code="b">Wisconsin</subfield><subfield code="c">Buffalo</subfield><subfield code="d">Mondovi.</subfield></datafield><datafield ind1="0" ind2="0" tag="780"><subfield code="t">Buffalo County herald</subfield><subfield code="w">(DLC)sn 86086857</subfield></datafield><datafield ind1="0" ind2="7" tag="785"><subfield code="t">Buffalo County news</subfield></datafield><datafield ind1="0" ind2="7" tag="785"><subfield code="t">Mondovi herald and the Buffalo County news</subfield><subfield code="w">(DLC)sn 86086859</subfield></datafield></record>